<?xml version="1.0" encoding="UTF-8"?><record xmlns="http://www.loc.gov/MARC21/slim" xmlns:cinclude="http://apache.org/cocoon/include/1.0" xmlns:zs="http://www.loc.gov/zing/srw/">
  <leader>00487nz  a2200133n  4500</leader>
  <controlfield tag="001">n 2012045518</controlfield>
  <controlfield tag="003">DLC</controlfield>
  <controlfield tag="005">20120716171459.0</controlfield>
  <controlfield tag="008">120713n| acannaabn          |n aaa      </controlfield>
  <datafield tag="010" ind1=" " ind2=" ">
    <subfield code="a">n 2012045518</subfield>
  </datafield>
  <datafield tag="040" ind1=" " ind2=" ">
    <subfield code="a">DLC</subfield>
    <subfield code="b">eng</subfield>
    <subfield code="c">DLC</subfield>
  </datafield>
  <datafield tag="100" ind1="1" ind2=" ">
    <subfield code="a">Farahani, Ahmad</subfield>
  </datafield>
  <datafield tag="667" ind1=" " ind2=" ">
    <subfield code="a">Cannot identify with: no2003102491: Varvani Farahani, Ahmad, 1966- or no2001073991: Jalālī Farāhānī, Aḥmad, 1934 or 5-</subfield>
  </datafield>
  <datafield tag="670" ind1=" " ind2=" ">
    <subfield code="a">Religious minorities in the Islamic Republic of Iran, c1996:</subfield>
    <subfield code="b">t.p. (Ahmad Farahani)</subfield>
  </datafield>
</record>